@misc{jest,
  key          = {jest},
  title        = {{Jest Documentation}},
  howpublished = {Retrieved from \url{https://jestjs.io/docs/getting-started}},
  year         = {2023}
}

@misc{razorpay,
  key          = {razorpay},
  title        = {{Razorpay Technical Specifications}},
  howpublished = {Retrieved from \url{https://razorpay.com/docs/}},
  year         = {2023}
}

@misc{flutter,
  key          = {flutter},
  title        = {{Flutter Testing Framework Documentation}},
  howpublished = {Retrieved from \url{https://docs.flutter.dev/testing}},
  year         = {2024}
}
